% Encoding: UTF-8

@article{brodribb2003relations,
  title={Relations between stomatal closure, leaf turgor and xylem vulnerability in eight tropical dry forest trees},
  author={Brodribb, TJ and Holbrook, NM and Edwards, EJ and Gutierrez, MV},
  journal={Plant, Cell \& Environment},
  volume={26},
  number={3},
  pages={443--450},
  year={2003},
  publisher={Wiley Online Library}
}

@article{collatz1991physiological,
  title={Physiological and environmental regulation of stomatal conductance, photosynthesis and transpiration: a model that includes a laminar boundary layer},
  author={Collatz, G James and Ball, J Timothy and Grivet, Cyril and Berry, Joseph A},
  journal={Agricultural and Forest meteorology},
  volume={54},
  number={2-4},
  pages={107--136},
  year={1991},
  publisher={Elsevier}
}

@article{jones1991stomatal,
  title={Stomatal control of xylem embolism},
  author={Jones, HG and Sutherland, RA},
  journal={Plant, Cell \& Environment},
  volume={14},
  number={6},
  pages={607--612},
  year={1991},
  publisher={Wiley Online Library}
}

@Article{Yi2018,
  author    = {Yi, Koong and Maxwell, Justin T and Wenzel, Matthew K and Roman, D Tyler and Sauer, Peter E and Phillips, Richard P and Novick, Kimberly A},
  title     = {Linking variation in intrinsic water-use efficiency to isohydricity: a comparison at multiple spatiotemporal scales},
  journal   = {New Phytologist},
  year      = {2018},
  publisher = {Wiley Online Library},
}

@Article{Martinez-Vilalta2017,
  author    = {Mart{\'\i}nez-Vilalta, Jordi and Garcia-Forner, N{\'u}ria},
  title     = {Water potential regulation, stomatal behaviour and hydraulic transport under drought: deconstructing the iso/anisohydric concept},
  journal   = {Plant, Cell \& Environment},
  year      = {2017},
  volume    = {40},
  number    = {6},
  pages     = {962--976},
  publisher = {Wiley Online Library},
}

@Article{Manzoni2013,
  author    = {Manzoni, Stefano and Vico, Giulia and Palmroth, Sari and Porporato, Amilcare and Katul, Gabriel},
  title     = {Optimization of stomatal conductance for maximum carbon gain under dynamic soil moisture},
  journal   = {Advances in Water Resources},
  year      = {2013},
  volume    = {62},
  pages     = {90--105},
  publisher = {Elsevier},
}

@Article{Tardieu1998,
  author    = {Tardieu, Fran{\c{c}}ois and Simonneau, Thierry},
  title     = {Variability among species of stomatal control under fluctuating soil water status and evaporative demand: modelling isohydric and anisohydric behaviours},
  journal   = {Journal of experimental botany},
  year      = {1998},
  pages     = {419--432},
  publisher = {JSTOR},
}

@Article{Sperry2000,
  author    = {Sperry, John S},
  title     = {Hydraulic constraints on plant gas exchange},
  journal   = {Agricultural and forest meteorology},
  year      = {2000},
  volume    = {104},
  number    = {1},
  pages     = {13--23},
  publisher = {Elsevier},
}

@Article{Anderegg2018,
  author    = {Anderegg, William RL and Wolf, Adam and Arango-Velez, Adriana and Choat, Brendan and Chmura, Daniel J and Jansen, Steven and Kolb, Thomas and Li, Shan and Meinzer, Frederick C and Pita, Pilar and others},
  title     = {Woody plants optimise stomatal behaviour relative to hydraulic risk},
  journal   = {Ecology letters},
  year      = {2018},
  volume    = {21},
  number    = {7},
  pages     = {968--977},
  publisher = {Wiley Online Library},
}

@Article{Franks2007,
  author    = {Franks, Peter J and Drake, Paul L and Froend, Ray H},
  title     = {Anisohydric but isohydrodynamic: seasonally constant plant water potential gradient explained by a stomatal control mechanism incorporating variable plant hydraulic conductance},
  journal   = {Plant, Cell \& Environment},
  year      = {2007},
  volume    = {30},
  number    = {1},
  pages     = {19--30},
  publisher = {Wiley Online Library},
}

@Article{Hochberg2017,
  author    = {Hochberg, Uri and Rockwell, Fulton E and Holbrook, N Michele and Cochard, Herv{\'e}},
  title     = {Iso/Anisohydry: a plant--environment interaction rather than a simple hydraulic trait},
  journal   = {Trends in plant science},
  year      = {2017},
  publisher = {Elsevier},
}

@article{jarvis1976interpretation,
  title={The interpretation of the variations in leaf water potential and stomatal conductance found in canopies in the field},
  author={Jarvis, PG},
  journal={Phil. Trans. R. Soc. Lond. B},
  volume={273},
  number={927},
  pages={593--610},
  year={1976},
  publisher={The Royal Society}
}

@Article{Katul2009,
  author    = {Katul, Gabriel G and Palmroth, Sari and Oren, RAM},
  title     = {Leaf stomatal responses to vapour pressure deficit under current and CO2-enriched atmosphere explained by the economics of gas exchange},
  journal   = {Plant, Cell \& Environment},
  year      = {2009},
  volume    = {32},
  number    = {8},
  pages     = {968--979},
  publisher = {Wiley Online Library},
}

@Article{Katul2009a,
  author    = {Katul, Gabriel and Manzoni, Stefano and Palmroth, Sari and Oren, Ram},
  title     = {A stomatal optimization theory to describe the effects of atmospheric CO2 on leaf photosynthesis and transpiration},
  journal   = {Annals of Botany},
  year      = {2009},
  volume    = {105},
  number    = {3},
  pages     = {431--442},
  publisher = {Oxford University Press},
}

@article{leuning1995critical,
  title={A critical appraisal of a combined stomatal-photosynthesis model for C3 plants},
  author={Leuning, R},
  journal={Plant, Cell \& Environment},
  volume={18},
  number={4},
  pages={339--355},
  year={1995},
  publisher={Wiley Online Library}
}

@Article{Sperry2015,
  author    = {Sperry, John S and Love, David M},
  title     = {What plant hydraulics can tell us about responses to climate-change droughts},
  journal   = {New Phytologist},
  year      = {2015},
  volume    = {207},
  number    = {1},
  pages     = {14--27},
  publisher = {Wiley Online Library},
}

@Article{Sperry2016,
  author    = {Sperry, John S and Wang, Yujie and Wolfe, Brett T and Mackay, D Scott and Anderegg, William RL and McDowell, Nate G and Pockman, William T},
  title     = {Pragmatic hydraulic theory predicts stomatal responses to climatic water deficits},
  journal   = {New Phytologist},
  year      = {2016},
  volume    = {212},
  number    = {3},
  pages     = {577--589},
  publisher = {Wiley Online Library},
}

@Article{Sperry2017,
  author    = {Sperry, John S and Venturas, Martin D and Anderegg, William RL and Mencuccini, Maurizio and Mackay, D Scott and Wang, Yujie and Love, David M},
  title     = {Predicting stomatal responses to the environment from the optimization of photosynthetic gain and hydraulic cost},
  journal   = {Plant, cell \& environment},
  year      = {2017},
  volume    = {40},
  number    = {6},
  pages     = {816--830},
  publisher = {Wiley Online Library},
}

@Article{Trugman2018,
  author    = {Trugman, AT and Medvigy, D and Mankin, JS and Anderegg, WRL},
  title     = {Soil moisture stress as a major driver of carbon cycle uncertainty},
  journal   = {Geophysical Research Letters},
  year      = {2018},
  publisher = {Wiley Online Library},
}

@article{tyree1988woody,
  title={Do woody plants operate near the point of catastrophic xylem dysfunction caused by dynamic water stress?: answers from a model},
  author={Tyree, Melvin T and Sperry, John S},
  journal={Plant physiology},
  volume={88},
  number={3},
  pages={574--580},
  year={1988},
  publisher={Am Soc Plant Biol}
}

@Article{Sala2012,
  author    = {Sala, Anna and Woodruff, David R and Meinzer, Frederick C},
  title     = {Carbon dynamics in trees: feast or famine?},
  journal   = {Tree physiology},
  year      = {2012},
  volume    = {32},
  number    = {6},
  pages     = {764--775},
  publisher = {Oxford University Press},
}

@Article{Venturas2018,
  author    = {Venturas, Martin D and Sperry, John S and Love, David M and Frehner, Ethan H and Allred, Michael G and Wang, Yujie and Anderegg, William RL},
  title     = {A stomatal control model based on optimization of carbon gain versus hydraulic risk predicts aspen sapling responses to drought},
  journal   = {New Phytologist},
  year      = {2018},
  publisher = {Wiley Online Library},
}

@Article{Sevanto2015,
  author    = {Sevanto, Sanna and Dickman, L Turin},
  title     = {Where does the carbon go?â€”Plant carbon allocation under climate change},
  journal   = {Tree physiology},
  year      = {2015},
  volume    = {35},
  number    = {6},
  pages     = {581--584},
  publisher = {Oxford University Press},
}

@Article{Sevanto2018,
  author    = {Sevanto, Sanna},
  title     = {Drought impacts on phloem transport},
  journal   = {Current opinion in plant biology},
  year      = {2018},
  volume    = {43},
  pages     = {76--81},
  publisher = {Elsevier},
}

@Article{Manzoni2011,
  author    = {Manzoni, Stefano and Vico, Giulia and Katul, Gabriel and Fay, Philip A and Polley, Wayne and Palmroth, Sari and Porporato, Amilcare},
  title     = {Optimizing stomatal conductance for maximum carbon gain under water stress: a meta-analysis across plant functional types and climates},
  journal   = {Functional Ecology},
  year      = {2011},
  volume    = {25},
  number    = {3},
  pages     = {456--467},
  publisher = {Wiley Online Library},
}

@Article{Wang2018,
  author    = {Wang, Xiaoxiao and Du, Tingting and Huang, Jianliang and Peng, Shaobing and Xiong, Dongliang},
  title     = {Leaf hydraulic vulnerability triggers the decline in stomatal and mesophyll conductance during drought in rice},
  journal   = {Journal of experimental botany},
  year      = {2018},
  pages     = {ery188},
  publisher = {Oxford University Press UK},
}

@Article{Buckley2017,
  author    = {Buckley, Thomas N and Sack, Lawren and Farquhar, Graham D},
  title     = {Optimal plant water economy},
  journal   = {Plant, cell \& environment},
  year      = {2017},
  volume    = {40},
  number    = {6},
  pages     = {881--896},
  publisher = {Wiley Online Library},
}

@Article{Vico2013,
  author    = {Vico, Giulia and Manzoni, Stefano and Palmroth, Sari and Weih, Martin and Katul, Gabriel},
  title     = {A perspective on optimal leaf stomatal conductance under CO 2 and light co-limitations},
  journal   = {Agricultural and forest meteorology},
  year      = {2013},
  volume    = {182},
  pages     = {191--199},
  publisher = {Elsevier},
}

@Book{Rodriguez-Iturbe2007,
  title     = {Ecohydrology of water-controlled ecosystems: soil moisture and plant dynamics},
  publisher = {Cambridge University Press},
  year      = {2007},
  author    = {Rodr{\'\i}guez-Iturbe, Ignacio and Porporato, Amilcare},
}

@Article{Farquhar1980,
  author    = {Farquhar, GD v and von Caemmerer, S von and Berry, JA},
  title     = {A biochemical model of photosynthetic CO2 assimilation in leaves of C3 species},
  journal   = {Planta},
  year      = {1980},
  volume    = {149},
  number    = {1},
  pages     = {78--90},
  publisher = {Springer},
}

@Article{Clapp1978,
  author    = {Clapp, Roger B and Hornberger, George M},
  title     = {Empirical equations for some soil hydraulic properties},
  journal   = {Water resources research},
  year      = {1978},
  volume    = {14},
  number    = {4},
  pages     = {601--604},
  publisher = {Wiley Online Library},
}

@Article{Scoffoni2016,
  author        = {Scoffoni, Christine and Chatelet, David S and Pasquet-kok, Jessica and Rawls, Michael and Donoghue, Michael J and Edwards, Erika J and Sack, Lawren},
  title         = {Hydraulic basis for the evolution of photosynthetic productivity},
  journal       = {Nature plants},
  year          = {2016},
  volume        = {2},
  number        = {6},
  pages         = {16072},
  __markedentry = {[assaadmrad:6]},
  publisher     = {Nature Publishing Group},
}

@article{martinez2014new,
  title={A new look at water transport regulation in plants},
  author={Mart{\'\i}nez-Vilalta, Jordi and Poyatos, Rafael and Aguad{\'e}, David and Retana, Javier and Mencuccini, Maurizio},
  journal={New Phytologist},
  volume={204},
  number={1},
  pages={105--115},
  year={2014},
  publisher={Wiley Online Library}
}

@article{Medlyn2002,
  title   = "Temperature response of parameters of a biochemically based model
             of photosynthesis. {II}. A review of experimental data",
  author  = "Medlyn, B E and Dreyer, E and Ellsworth, D and Forstreuter, M and
             Harley, P C and Kirschbaum, M U F and Le Roux, X and Montpied, P
             and Strassemeyer, J and Walcroft, A and Wang, K and Loustau, D",
  journal = "Plant Cell Environ.",
  volume  =  25,
  pages   = "1167--1179",
  year    =  2002
}

@article{meinzer2016mapping,
  title={Mapping â€˜hydroscapesâ€™ along the iso-to anisohydric continuum of stomatal regulation of plant water status},
  author={Meinzer, Frederick C and Woodruff, David R and Marias, Danielle E and Smith, Duncan D and McCulloh, Katherine A and Howard, Ava R and Magedman, Alicia L},
  journal={Ecology Letters},
  volume={19},
  number={11},
  pages={1343--1352},
  year={2016},
  publisher={Wiley Online Library}
}

% The entry below contains non-ASCII chars that could not be converted
% to a LaTeX equivalent.
@article{Brooks1985,
  title    = "Effect of temperature on the $CO_2$/$O_2$ specificity of
              ribulose-1,5-bisphosphate carboxylase/oxygenase and the rate of
              respiration in the light : Estimates from gas-exchange
              measurements on spinach",
  author   = "Brooks, A and Farquhar, G D",
  journal  = "Planta",
  volume   =  165,
  number   =  3,
  pages    = "397--406",
  month    =  aug,
  year     =  1985,
}

% The entry below contains non-ASCII chars that could not be converted
% to a LaTeX equivalent.
@article{Bernacchi2001,
  title    = "Improved temperature response functions for models of
              Rubisco-limited photosynthesis",
  author   = "Bernacchi, C J and Singsaas, E L and Pimentel, C and Portis, Jr,
              A R and Long, S P",
  journal  = "Plant Cell Environ.",
  volume   =  24,
  number   =  2,
  pages    = "253--259",
  month    =  feb,
  year     =  2001
}

@article{campbell1974,
  title={A simple method for determining unsaturated conductivity from moisture retention data},
  author={Campbell, Gaylon S},
  journal={Soil science},
  volume={117},
  number={6},
  pages={311--314},
  year={1974},
  publisher={LWW}
}

@inproceedings{cowan1977,
  title={Stomatal function in relation to leaf metabolism and environment.},
  author={Cowan, IR and Farquhar, GD},
  booktitle={Symposia of the Society for Experimental Biology},
  volume={31},
  pages={471},
  year={1977}
}

@incollection{cowan1978stomatal,
  title={Stomatal behaviour and environment},
  author={Cowan, IR},
  booktitle={Advances in botanical research},
  volume={4},
  pages={117--228},
  year={1978},
  publisher={Elsevier}
}

@book{witelski2015,
  title={Methods of mathematical modelling: continuous systems and differential equations},
  author={Witelski, Thomas and Bowen, Mark},
  year={2015},
  publisher={Springer}
}


@Comment{jabref-meta: databaseType:bibtex;}
